@article{bell1989second,
  title={A second-order projection method for the incompressible Navier-Stokes equations},
  author={Bell, John B and Colella, Phillip and Glaz, Harland M},
  journal={Journal of computational physics},
  volume={85},
  number={2},
  pages={257--283},
  year={1989},
  publisher={Elsevier}
}

@article{popinet2003gerris,
  title={Gerris: a tree-based adaptive solver for the incompressible Euler equations in complex geometries},
  author={Popinet, St{\'e}phane},
  journal={Journal of computational physics},
  volume={190},
  number={2},
  pages={572--600},
  year={2003},
  publisher={Elsevier}
}

@article{kim1985application,
  title={Application of a fractional-step method to incompressible Navier-Stokes equations},
  author={Kim, John and Moin, Parviz},
  journal={Journal of computational physics},
  volume={59},
  number={2},
  pages={308--323},
  year={1985},
  publisher={Elsevier}
}