@article{bell1989second,
  title={A second-order projection method for the incompressible Navier-Stokes equations},
  author={Bell, John B and Colella, Phillip and Glaz, Harland M},
  journal={Journal of computational physics},
  volume={85},
  number={2},
  pages={257--283},
  year={1989},
  publisher={Elsevier}
}

@article{popinet2003gerris,
  title={Gerris: a tree-based adaptive solver for the incompressible Euler equations in complex geometries},
  author={Popinet, St{\'e}phane},
  journal={Journal of computational physics},
  volume={190},
  number={2},
  pages={572--600},
  year={2003},
  publisher={Elsevier}
}


@article{popinet_accurate_2009,
	title = {An accurate adaptive solver for surface-tension-driven interfacial flows},
	volume = {228},
	number = {16},
	journal = {Journal of Computational Physics},
	author = {Popinet, St√©phane},
	year = {2009},
	pages = {5838--5866},
}

@article{kim1985application,
  title={Application of a fractional-step method to incompressible Navier-Stokes equations},
  author={Kim, John and Moin, Parviz},
  journal={Journal of computational physics},
  volume={59},
  number={2},
  pages={308--323},
  year={1985},
  publisher={Elsevier}
}

@article{harlow1965numerical,
  title={Numerical calculation of time-dependent viscous incompressible flow of fluid with free surface},
  author={Harlow, Francis H and Welch, J Eddie},
  journal={The physics of fluids},
  volume={8},
  number={12},
  pages={2182--2189},
  year={1965},
  publisher={American Institute of Physics}
}

@book{drikakis2005high,
  title={High-resolution methods for incompressible and low-speed flows},
  author={Drikakis, Dimitris and Rider, William},
  year={2005},
  publisher={Springer Science \& Business Media}
}

@article{almgren2000approximate,
  title={Approximate projection methods: Part I. Inviscid analysis},
  author={Almgren, Ann S and Bell, John B and Crutchfield, William Y},
  journal={SIAM Journal on Scientific Computing},
  volume={22},
  number={4},
  pages={1139--1159},
  year={2000},
  publisher={SIAM}
}
