@article{bell1989second,
  title={A second-order projection method for the incompressible Navier-Stokes equations},
  author={Bell, John B and Colella, Phillip and Glaz, Harland M},
  journal={Journal of computational physics},
  volume={85},
  number={2},
  pages={257--283},
  year={1989},
  publisher={Elsevier}
}

@article{popinet2003gerris,
  title={Gerris: a tree-based adaptive solver for the incompressible Euler equations in complex geometries},
  author={Popinet, St{\'e}phane},
  journal={Journal of computational physics},
  volume={190},
  number={2},
  pages={572--600},
  year={2003},
  publisher={Elsevier}
}

@article{popinet2015quadtree,
  title={A quadtree-adaptive multigrid solver for the Serre--Green--Naghdi equations},
  author={Popinet, St{\'e}phane},
  journal={Journal of Computational Physics},
  volume={302},
  pages={336--358},
  year={2015},
  publisher={Elsevier}
}
