@article{bell1989second,
  title={A second-order projection method for the incompressible Navier-Stokes equations},
  author={Bell, John B and Colella, Phillip and Glaz, Harland M},
  journal={Journal of computational physics},
  volume={85},
  number={2},
  pages={257--283},
  year={1989},
  publisher={Elsevier}
}

@article{popinet2003gerris,
  title={Gerris: a tree-based adaptive solver for the incompressible Euler equations in complex geometries},
  author={Popinet, St{\'e}phane},
  journal={Journal of computational physics},
  volume={190},
  number={2},
  pages={572--600},
  year={2003},
  publisher={Elsevier}
}
@article{popinet2009accurate,
  title={An accurate adaptive solver for surface-tension-driven interfacial flows},
  author={Popinet, St{\'e}phane},
  journal={Journal of Computational Physics},
  volume={228},
  number={16},
  pages={5838--5866},
  year={2009},
  publisher={Elsevier}
}